@inproceedings{Claus,
 author = {Pahl, Claus and Lee, Brian},
 title = {Containers and clusters for edge cloud architectures - a technology review},
 booktitle = {3rd International Conference on Future Internet of Things and Cloud)},
 series = {FiCloud-2015},
 year = {2015},
 isbn = {978-1-4673-8103-1/15},
 location = {Rome, Italy},
 publisher = {IEEE},
}
@inproceedings{Agarwal,
 author = {Agarwal, Kavita and Jain, Bhushan and Porter, Donald E.},
 title = {Containing the Hype},
 booktitle = {Proceedings of the 6th Asia-Pacific Workshop on Systems},
 series = {APSys '15},
 year = {2015},
 isbn = {978-1-4503-3554-6},
 location = {Tokyo, Japan},
 pages = {8:1--8:9},
 articleno = {8},
 numpages = {9},
 doi = {10.1145/2797022.2797029},
 acmid = {2797029},
 publisher = {ACM},
 address = {New York, NY, USA},
}
@inproceedings{Arndt,
 author = {Arndt, Natanael and Ackermann, Markus and Br\"{u}mmer, Martin and Riechert, Thomas},
 title = {Knowledge Base Shipping to the Linked Open Data Cloud},
 booktitle = {Proceedings of the 11th International Conference on Semantic Systems},
 series = {SEMANTICS '15},
 year = {2015},
 isbn = {978-1-4503-3462-4},
 location = {Vienna, Austria},
 pages = {73--80},
 numpages = {8},
 doi = {10.1145/2814864.2814885},
 acmid = {2814885},
 publisher = {ACM},
 address = {New York, NY, USA},
 keywords = {SPARQL service, container-based virtualisation, docker, knowledge base, linked open data, semantic web, web of data},
}
@article{Boettiger,
 author = {Boettiger, Carl},
 title = {An Introduction to Docker for Reproducible Research},
 journal = {SIGOPS Oper. Syst. Rev.},
 issue_date = {January 2015},
 volume = {49},
 number = {1},
 month = jan,
 year = {2015},
 issn = {0163-5980},
 pages = {71--79},
 numpages = {9},
 doi = {10.1145/2723872.2723882},
 acmid = {2723882},
 publisher = {ACM},
 address = {New York, NY, USA},
}
@book{db,
  author    = {James Turnbull},
  title     = {The Docker Book: Containerization is the new virtualization},
  publisher = {Amazon Digital Services, Inc.},
  year      =  2015,
  edition   = {1.8.1},
  isbn      = {B00LRROTI4}
}
@article{Merkel,
 author = {Merkel, Dirk},
 title = {Docker: Lightweight Linux Containers for Consistent Development and Deployment},
 journal = {Linux J.},
 issue_date = {March 2014},
 volume = {2014},
 number = {239},
 month = mar,
 year = {2014},
 issn = {1075-3583},
 articleno = {2},
 publisher = {Belltown Media},
 address = {Houston, TX},
}
@misc{Hykes,
 Author = {Hykes, Solomon},
 Journal = {Docker Blog},
 Title = {Docker 0.9: Introducing execution drivers and libcontainer},
 howpublished = {\url{http://blog.docker.com/2014/03/docker-0-9-introducing-execution-drivers-and-libcontainer/}},
 Urldate = {2015-10-20},
 Year = {2014}
}
@misc{Golub,
 Author = {Golub, Ben},
 Journal = {Docker Blog},
 Title = {Docker and Broad Industry Coalition Unite to Create Open Container Project},
 howpublished = {\url{http://blog.docker.com/2015/06/open-container-project-foundation/}},
 Urldate = {2015-10-20},
 Year = {2015}
}
@Book{holla,
 author = {Holla, Shrikrishna},
 title = {Orchestrating Docker : manage and deploy Docker services to containerize applications efficiently},
 publisher = {Packt Publishing},
 year = {2015},
 address = {Birmingham},
 isbn = {1783984783}
 }
@article{Kereki,
 author = {Kereki, Federico},
 title = {Concerning Containers' Connections: On Docker Networking},
 journal = {Linux J.},
 issue_date = {June 2015},
 volume = {2015},
 number = {254},
 month = jun,
 year = {2015},
 issn = {1075-3583},
 articleno = {2},
 acmid = {2807680},
 publisher = {Belltown Media},
 address = {Houston, TX},
}
@article{Powers,
 author = {Powers, Shawn},
 title = {The Open-source Classroom: Doing Stuff with Docker},
 journal = {Linux J.},
 issue_date = {June 2015},
 volume = {2015},
 number = {254},
 month = jun,
 year = {2015},
 issn = {1075-3583},
 articleno = {6},
 acmid = {2807684},
 publisher = {Belltown Media},
 address = {Houston, TX},
}
@Book{goasguen,
 author = {Goasguen, S?astien},
 title = {Docker Cookbook},
 publisher = {O' Reilly \& Associates Inc},
 year = {2015},
 isbn = {978-1-4919-1971-2}
 }
 @inproceedings{Dudouet,
 author = {Dudouet, Florian and Edmonds, Andrew and Erne, Michael},
 title = {Reliable Cloud-applications: An Implementation Through Service Orchestration},
 booktitle = {Proceedings of the 1st International Workshop on Automated Incident Management in Cloud},
 series = {AIMC '15},
 year = {2015},
 isbn = {978-1-4503-3476-1},
 location = {Bordeaux, France},
 pages = {1--6},
 numpages = {6},
 doi = {10.1145/2747470.2747471},
 publisher = {ACM},
 address = {New York, NY, USA},
}
@inproceedings{Inzinger,
 author = {Inzinger, Christian and Nastic, Stefan and Sehic, Sanjin and V\"{o}gler, Michael and Li, Fei and Dustdar, Schahram},
 title = {MADCAT: A Methodology for Architecture and Deployment of Cloud Application Topologies},
 booktitle = {Proceedings of the 2014 IEEE 8th International Symposium on Service Oriented System Engineering},
 series = {SOSE '14},
 year = {2014},
 isbn = {978-1-4799-3616-8},
 pages = {13--22},
 numpages = {10},
 doi = {10.1109/SOSE.2014.9},
 publisher = {IEEE Computer Society},
 address = {Washington, DC, USA},
 keywords = {cloud computing, software development methodology, cloud-native applications},
}
@book{Fowler02,
 author = {Fowler, Martin},
 title = {Patterns of Enterprise Application Architecture},
 year = {2002},
 isbn = {0321127420},
 publisher = {Addison-Wesley Longman Publishing Co., Inc.},
 address = {Boston, MA, USA},
}
@misc{Fowler14,
 Author = {Fowler, Martin},
 Journal = {Martin Fowler: Bliki},
 Title = {Docker and Broad Industry Coalition Unite to Create Open Container Project},
 howpublished = {\url{http://martinfowler.com/articles/microservices.html}},
 Urldate = {2014-March-25},
 Year = {2014}
}
@book{Newman,
  Author = {Sam Newman},
  Title = {Building Microservices},
  Publisher = {O'Reilly Media},
  Year = {2015},
  ISBN = {1491950358},
}
@inproceedings{Yang,
 author = {Yang, Kun and Todd, Chris and Ou, Shumao},
 title = {Model-based Service Discovery for Future Generation Mobile Systems},
 booktitle = {Proceedings of the 2006 International Conference on Wireless Communications and Mobile Computing},
 series = {IWCMC '06},
 year = {2006},
 isbn = {1-59593-306-9},
 location = {Vancouver, British Columbia, Canada},
 pages = {973--978},
 numpages = {6},
 doi = {10.1145/1143549.1143743},
 publisher = {ACM},
 address = {New York, NY, USA},
 keywords = {model-driven architecture, service discovery, system design, wireless mobile networks},
}